<?xml version="1.0"?>
<collection xmlns="http://www.loc.gov/MARC21/slim">
  <record>
    <leader>01697nam a2200373 a 4500</leader>
    <controlfield tag="001">cihm_28981</controlfield>
    <controlfield tag="003">CaSfIA</controlfield>
    <controlfield tag="005">20151008010651.0</controlfield>
    <controlfield tag="007">cr||||||||||||</controlfield>
    <controlfield tag="008">870818s1869    nsc     b     000 0 eng d</controlfield>
    <datafield tag="020" ind1=" " ind2=" ">
      <subfield code="a">0665289812</subfield>
    </datafield>
    <datafield tag="035" ind1=" " ind2=" ">
      <subfield code="a">ocn317955912</subfield>
    </datafield>
    <datafield tag="040" ind1=" " ind2=" ">
      <subfield code="a">CaOOCIHM</subfield>
      <subfield code="b">eng</subfield>
      <subfield code="c">CaOOCIHM</subfield>
      <subfield code="d">AEU</subfield>
      <subfield code="d">CaSfIA</subfield>
    </datafield>
    <datafield tag="043" ind1=" " ind2=" ">
      <subfield code="a">n-cn-ns</subfield>
    </datafield>
    <datafield tag="082" ind1="0" ind2=" ">
      <subfield code="a">630.74011622</subfield>
      <subfield code="2">19</subfield>
    </datafield>
    <datafield tag="090" ind1=" " ind2=" ">
      <subfield code="a">FC 02 0203 no. 28981</subfield>
      <subfield code="b">AEU</subfield>
    </datafield>
    <datafield tag="111" ind1="2" ind2=" ">
      <subfield code="a">Provincial Agricultural and Industrial Exhibition</subfield>
      <subfield code="d">(1868 :</subfield>
      <subfield code="c">Halifax, N.S.)</subfield>
    </datafield>
    <datafield tag="245" ind1="1" ind2="0">
      <subfield code="a">Prize list and report of proceedings of the Provincial Agricultural and Industrial Exhibition of Nova Scotia, 1868</subfield>
      <subfield code="h">[electronic resource] </subfield>
    </datafield>
    <datafield tag="260" ind1=" " ind2=" ">
      <subfield code="a">[Halifax, N.S.? :</subfield>
      <subfield code="b">s.n.],</subfield>
      <subfield code="c">1869</subfield>
      <subfield code="e">(Halifax [N.S.] :</subfield>
      <subfield code="f">J. Bowes)</subfield>
    </datafield>
    <datafield tag="300" ind1=" " ind2=" ">
      <subfield code="a">2 microfiches (59 fr.).</subfield>
    </datafield>
    <datafield tag="490" ind1="1" ind2=" ">
      <subfield code="a">CIHM/ICMH Microfiche series = CIHM/ICMH collection de microfiches ;</subfield>
      <subfield code="v">no. 28981</subfield>
    </datafield>
    <datafield tag="500" ind1=" " ind2=" ">
      <subfield code="a">"Held at Halifax in October, 1868."</subfield>
    </datafield>
    <datafield tag="533" ind1=" " ind2=" ">
      <subfield code="a">Filmed from a copy of the original publication held by the Nova Scotia Legislative Library.</subfield>
      <subfield code="b">Ottawa :</subfield>
      <subfield code="c">Canadian Institute for Historical Microreproductions,</subfield>
      <subfield code="d">1987.</subfield>
    </datafield>
    <datafield tag="534" ind1=" " ind2=" ">
      <subfield code="e">104 p. ; 21 cm.</subfield>
    </datafield>
    <datafield tag="596" ind1=" " ind2=" ">
      <subfield code="a">43</subfield>
    </datafield>
    <datafield tag="610" ind1="2" ind2="0">
      <subfield code="a">Provincial Agricultural and Industrial Exhibition</subfield>
      <subfield code="d">(1868 :</subfield>
      <subfield code="c">Halifax, N.S.).</subfield>
    </datafield>
    <datafield tag="610" ind1="2" ind2="6">
      <subfield code="a">Provincial Agricultural and Industrial Exhibition</subfield>
      <subfield code="d">(1868 :</subfield>
      <subfield code="c">Halifax, N.-&#xC3;&#x89;.</subfield>
    </datafield>
    <!-- No separator at end of field length=82 -->
    <datafield tag="650" ind1="." ind2="">
      <subfield code="0"/>
      <subfield code="a">Exhibitions</subfield>
      <subfield code="z">Nova Scotia</subfield>
      <subfield code="z">Halifa</subfield>
    </datafield>
    <!-- No separator at end of field length=39 -->
    <datafield tag="650" ind1="." ind2="">
      <subfield code="0"/>
      <subfield code="a">Agricultural exhibitions</subfield>
      <subfield code="z">Nova Scotia</subfield>
      <subfield code="z">Halifa</subfield>
    </datafield>
    <!-- No separator at end of field length=52 -->
    <datafield tag="650" ind1="." ind2="">
      <subfield code="6"/>
      <subfield code="a">Expositions</subfield>
      <subfield code="z">Nouvelle-&#xC3;&#x89;cosse</subfield>
      <subfield code="z">Hali</subfield>
    </datafield>
    <!-- No separator at end of field length=44 -->
    <datafield tag="650" ind1="a" ind2="x">
      <subfield code=""/>
    </datafield>
    <!-- Separator but not at end of field length=57 -->
    <datafield tag="830" ind1="i" ind2="f">
      <subfield code="x">.</subfield>
    </datafield>
    <!-- Separator but not at end of field length=45 -->
    <datafield tag="856" ind1="4" ind2="1">
      <subfield code="u">http://archive.org/details/cihm_28981</subfield>
      <subfield code="z">Free eBook from the Internet Archive</subfield>
    </datafield>
    <!-- Separator but not at end of field length=22 -->
    <datafield tag="016" ind1="M" ind2="M">
      <subfield code="R">E</subfield>
    </datafield>
    <!-- Separator but not at end of field length=15 -->
    <!-- Separator but not at end of field length=58 -->
  </record>
</collection>
